@book{smale1980mathematics,
  title={The mathematics of time: essays on dynamical systems, economic processes, and related topics},
  author={Smale, Steve},
  year={1980},
  publisher={Springer-Verlag}
}

@article{dedieu1997smale,
  title={Smale's point estimate theory for Newton's method},
  author={Dedieu, Jean-Pierre},
  journal={IMA Journal of Numerical Analysis},
  volume={17},
  number={3},
  pages={423--443},
  year={1997}
}

@book{tabachnikov2005geometry,
  title={Geometry and billiards},
  author={Tabachnikov, Serge},
  year={2005},
  publisher={American Mathematical Society}
}

@article{birkhoff1927dynamical,
  title={Dynamical systems with two degrees of freedom},
  author={Birkhoff, George D},
  journal={Transactions of the American Mathematical Society},
  volume={29},
  number={3},
  pages={455--505},
  year={1927}
}

@misc{jax2018github,
  author = {Bradbury, James and others},
  title = {{JAX}: composable transformations of {P}ython+{N}um{P}y programs},
  url = {http://github.com/google/jax},
  version = {0.3.13},
  year = {2018}
}

@article{gutkin2003billiards,
  title={Billiards in Finsler and Minkowski geometries},
  author={Gutkin, Eugene and Tabachnikov, Serge},
  journal={Journal of Geometry and Physics},
  volume={40},
  number={3-4},
  pages={277--301},
  year={2003}
}

@book{kozlov1991billiards,
  title={Billiards: a genetic introduction to the dynamics of systems with impacts},
  author={Kozlov, Valery V and Treshch{\"e}v, Dmitry V},
  year={1991},
  publisher={American Mathematical Society}
}

@article{ekeland1990convexity,
  title={Convexity methods in Hamiltonian mechanics},
  author={Ekeland, Ivar},
  journal={Ergebnisse der Mathematik und ihrer Grenzgebiete},
  volume={19},
  year={1990},
  publisher={Springer-Verlag}
}

@article{wojtkowski1986principles,
  title={Principles for the design of billiards with nonvanishing Lyapunov exponents},
  author={Wojtkowski, Maciej P},
  journal={Communications in Mathematical Physics},
  volume={105},
  number={3},
  pages={391--414},
  year={1986}
}

@article{bialy1993convex,
  title={Convex billiards and a theorem by E. Hopf},
  author={Bialy, Misha},
  journal={Mathematische Zeitschrift},
  volume={214},
  number={1},
  pages={147--154},
  year={1993}
}

@book{chernov2006chaotic,
  title={Chaotic billiards},
  author={Chernov, Nikolai and Markarian, Roberto},
  year={2006},
  publisher={American Mathematical Society}
}